@book{iserles2009first,
  title={A First Course in the Numerical Analysis of Differential Equations},
  author={Iserles, A.},
  isbn={9781139473767},
  lccn={2009285762},
  series={A First Course in the Numerical Analysis of Differential Equations},
  url={http://books.google.co.uk/books?id=M0tkw4oUucoC},
  year={2009},
  publisher={Cambridge University Press}
}
